<record xmlns="http://www.openarchives.org/OAI/2.0/" xmlns:xsi="http://www.w3.org/2001/XMLSchema-instance"><header><identifier>oai:alma.34CSIC_INST:990013499610204201</identifier><datestamp>2020-02-06T08:40:59Z</datestamp><setSpec>manuscripta</setSpec></header><metadata><record xmlns="http://www.loc.gov/MARC21/slim" xmlns:xsi="http://www.w3.org/2001/XMLSchema-instance" xsi:schemaLocation="http://www.loc.gov/MARC21/slim http://www.loc.gov/standards/marcxml/schema/MARC21slim.xsd"><leader>12322ntm a2200649 i 4500</leader><controlfield tag="005">20181031100337.0</controlfield><controlfield tag="008">100729s18181233              000 0 ara d</controlfield><controlfield tag="001">990013499610204201</controlfield><datafield tag="035" ind1=" " ind2=" "><subfield code="a">CSIC001349961</subfield></datafield><datafield tag="035" ind1=" " ind2=" "><subfield code="a">(ES-MaCSI)001349961MAD01-Aleph</subfield></datafield><datafield tag="035" ind1=" " ind2=" "><subfield code="a">(OCoLC)1123891321
</subfield></datafield><datafield tag="040" ind1=" " ind2=" "><subfield code="a">ES-MaCSI</subfield><subfield code="b">spa</subfield></datafield><datafield tag="100" ind1="1" ind2=" "><subfield code="a">Jaršī, Muḥammad b. `Abd Allāh al-</subfield><subfield code="d">(1601 ó 2-1689 ó 90).</subfield></datafield><datafield tag="245" ind1="1" ind2="2"><subfield code="a">الجزء الثالث من شرح مختصر أبي المودّة خليل بن إسحاق </subfield><subfield code="h">[Manuscrito]</subfield><subfield code="c">/ محمّد الخرشي المصري المالكي.</subfield></datafield><datafield tag="260" ind1=" " ind2=" "><subfield code="c">[1818] 1233 de la Hégira.</subfield></datafield><datafield tag="300" ind1=" " ind2=" "><subfield code="a">292 f. (con guardas al principio y al final) ;</subfield><subfield code="c">20,7 x 15 (caja: 14 x 8,8).</subfield></datafield><datafield tag="490" ind1="1" ind2=" "><subfield code="a">Manuscripta</subfield></datafield><datafield tag="546" ind1=" " ind2=" "><subfield code="a">Arabe</subfield><subfield code="b">Escritura magrebí</subfield></datafield><datafield tag="500" ind1=" " ind2=" "><subfield code="a">Título transliterado: Al-ŷuzʼ al-ṯāliṯ min Šarḥ Mujtaṣar Abī l-Mawadda Jalīl b. Isḥāq</subfield></datafield><datafield tag="500" ind1=" " ind2=" "><subfield code="a">Distribución: 1 col. Tiene 22 líneas por página</subfield></datafield><datafield tag="500" ind1=" " ind2=" "><subfield code="a">Material: Papel</subfield></datafield><datafield tag="500" ind1=" " ind2=" "><subfield code="a">Tinta: Negra, verde y roja</subfield></datafield><datafield tag="500" ind1=" " ind2=" "><subfield code="a">‪Incipit: ‮(بعد البسملة والتصلية) الجزء الثالث من شرح العلامَة الحبْر الفهامة سيدي محمّد الخرشي المصري المالكي لمختصر العلامة الجليل أبي المودّة خليل بن إسحاق رحمهما الله تعالى ورضي عنهما وَلَمَّا انْتَهَى الْكَلاَمَ على ما اراد من مسائل الجهاد اتْبعَهُ بالكلام على شيء من مسائل النكاح</subfield></datafield><datafield tag="500" ind1=" " ind2=" "><subfield code="a">‪Explicit: الفقيرة فلها أجرةَ الحضانة لأنها تستحق النفقة في ماله لو لمْ تحضنه وَاعْلَمْ انه تجادب الحضانة امرأة أحدهما النكاحُ</subfield></datafield><datafield tag="500" ind1=" " ind2=" "><subfield code="a">Lugar de escritura: No consta</subfield></datafield><datafield tag="500" ind1=" " ind2=" "><subfield code="a">fecha completa: 23 šaʽbān 1233 / 28 de junio 1818</subfield></datafield><datafield tag="500" ind1=" " ind2=" "><subfield code="a">‪Copista: محمّد بن الحاج محمّد [...] الجينوني الزروافي</subfield></datafield><datafield tag="500" ind1=" " ind2=" "><subfield code="a">‪Colofón:كمل الثالثُ من الخرشي لشرح المختصر بحمد الله تعلى وحسن عونه في 23 شعبان عام 1233 هـ على يد ناسخه محمّد بن الحاج محمّد [...] الجينوني نسبا للزرواقي غفر الله له ولوالديه وأشياخه وجميع المسلمين وَوفقه ورزقه وَ [...] آمين وَصلى الله على سيدنا محمد وَآله وصحبه واختر قرينك واصطفية تفاخرا انّ القريرَ الى المقارب ينسبُ‮.</subfield></datafield><datafield tag="500" ind1=" " ind2=" "><subfield code="a">Características especiales: Texto sin vocalizar</subfield></datafield><datafield tag="500" ind1=" " ind2=" "><subfield code="a">Ilustración: No</subfield></datafield><datafield tag="500" ind1=" " ind2=" "><subfield code="a">Ilustraciones: Los epígrafes al igual que algunos vocablos aparecen marcados en tinta negra, roja o verde, en un trazo a veces más grande y alargado que el resto de texto. Además la texto va en marcado en un recuadro con doble línea roja.</subfield></datafield><datafield tag="500" ind1=" " ind2=" "><subfield code="a">Tipo de cuaderno: 30 cuads.: 1 binión y 29 quiniones (las guardas forman parte de los cuadernos).</subfield></datafield><datafield tag="500" ind1=" " ind2=" "><subfield code="a">Deterioros: Encuadernación muy deteriorada, sobre todo por el lomo. - La tapas están sueltas y el cosido de los cuadernos está muy desgastado. - En casi todos los folios del volumen hay galerías, degradaciones de la tinta y manchas que afectan a la legibilidad del texto.</subfield></datafield><datafield tag="500" ind1=" " ind2=" "><subfield code="a">H en blanco: 2 H en blanco: folio 1r y 292</subfield></datafield><datafield tag="500" ind1=" " ind2=" "><subfield code="a">H dañadas, mutiladas, sueltas: 4 H sueltas: los bifolios: 291-292 y 144-145</subfield></datafield><datafield tag="500" ind1=" " ind2=" "><subfield code="a">H faltan o añadidas: No</subfield></datafield><datafield tag="500" ind1=" " ind2=" "><subfield code="a">Foliación: Sin foliación original. - Foliación moderna a lápiz hecha por Naima Anahnah (2010)</subfield></datafield><datafield tag="500" ind1=" " ind2=" "><subfield code="a">Reclamos: Reclamos en el comienzo del texto de todos los folios verso.</subfield></datafield><datafield tag="500" ind1=" " ind2=" "><subfield code="a">Sign. cuad.: No</subfield></datafield><datafield tag="500" ind1=" " ind2=" "><subfield code="a">Pautado: Punta seca (casi inapreciable).</subfield></datafield><datafield tag="500" ind1=" " ind2=" "><subfield code="a">Filigranas: Escudo con sol con contramarca: Letras NS ; Motivo floral con cruz con cotramarca: Letras DB ; Escudo con torre ; Palabra: "CARMERA NUOVA AL BUOSO" ; Rombo ; Doble filigrana : Escudo con león rampante + palabra "PICARDO" ; Ramillete de flores ; Doble filigrana: escudo con la palabra "BRUZZO" y otro escudo con la palabra : "NICOLO" ; Escudo con banda trnsversal con una línea de zigzag ; Palabras "PETIL MONSEGLE" ; Corona con escudo ; León con la palabra "NICOLO"; Pórtico con columnas ; palabra "BOZZANO" ; PALABR "AL TERRAZZO" ; CONTRAMARCA DB (pertenece al motivo floral con cruz) ; contramarca SN (pertenece al escudo con sol) [Fuente: Sonsoles González García].</subfield></datafield><datafield tag="563" ind1=" " ind2=" "><subfield code="a">Encuadernación: Cartela con solapa de cierre en piel marrón oscuro. Las tapas están decoradas con dos recuadros de un hilo gofrado (en seco) unidos ambos por un hilo en bisel; mientras que, las esquinas del recuadro interior aparecen decoradas en oro de hierros cuadrados; florón central también en gofrado. Otros hierros dorados iguales a los de las esquinas del recuadro interior se repiten en el lomo de corte vertical.</subfield></datafield><datafield tag="541" ind1=" " ind2=" "><subfield code="a">Procedencia: Compra</subfield><subfield code="c">[Familia Granados Montoro]</subfield><subfield code="d">25 de Julio de 1986</subfield></datafield><datafield tag="500" ind1=" " ind2=" "><subfield code="a">Signatura antigua: CAJA 3-3</subfield></datafield><datafield tag="500" ind1=" " ind2=" "><subfield code="a">Anotaciones: Escasas anotaciones marginales en todo el volumen, tanto del mismo copista como de otras manos posteriores. - Del propio autor parecen ser las anotaciones en tinta negra que se inscriben en las esquinas superiores de algunos folios, unas veces de forma abreviada: اللهم صلي على سيدنا محمد وآله o en su forma completa اللهم صلي على سيدنا محمد وآله وصحبه وسلّم. - Las anotaciones marginales son en su mayoría comentarios sobre el contenido del texto y algunas son correcciones. - En el interior de la solapa de cierre, escrito a lápiz se lee el número 24 que, probablemente, hacía referencia al número de catalogación del volumen antes de su ingreso en la BEEA. - Igualmente, en el margen superior del recto de la guarda inicial aparece la frase: اللهم إني أسألك العدل والعافية; mientras que, en el centro del margen lateral izquierdo del mismo folio aparece: وصلّى الله على.</subfield></datafield><datafield tag="581" ind1=" " ind2=" "><subfield code="a">Descripción: González García, Sonsoles. Estudio de las encuadernaciones originales datadas de la colección de manuscritos de la Biblioteca de la Escuela de Estudios Árabes de Granada. Granada, 2010. - González García, Sonsoles.Estudio de las encuadernaciones originales datadas de la colección de manuscritos árabes de la Biblioteca de la Escuela de Estudios Árabes de Granada : tesis doctoral, Granada, 2014</subfield></datafield><datafield tag="530" ind1=" " ind2=" "><subfield code="a">Otros soportes: No</subfield></datafield><datafield tag="581" ind1=" " ind2=" "><subfield code="a">Edición: No</subfield></datafield><datafield tag="510" ind1=" " ind2=" "><subfield code="a">No</subfield></datafield><datafield tag="520" ind1="2" ind2=" "><subfield code="a">Contenido: Al-ŷuzʼ al-ṯāliṯ min Šarḥ Mujtaṣar Abī l-Mawadda Jalīl b. Isḥāq (1v-291v)</subfield></datafield><datafield tag="650" ind1="0" ind2="7"><subfield code="a">Matrimonio (Derecho islámico)</subfield><subfield code="v">Manuscritos.</subfield><subfield code="2">CSICAU</subfield></datafield><datafield tag="600" ind1="0" ind2="7"><subfield code="a">Jalīl b. Isḥāq al-Ŷundī</subfield><subfield code="d">(m. 1365?)</subfield><subfield code="t">Mujtaṣar</subfield><subfield code="x">Crítica e interpretación</subfield><subfield code="v">Manuscritos</subfield><subfield code="2">CSICAU</subfield></datafield><datafield tag="700" ind1="1" ind2=" "><subfield code="a">Zarwāqī, Muḥammad b. al-Ḥāŷy Muḥammad al-Ŷīnūnī al-,</subfield><subfield code="e">cop.</subfield></datafield><datafield tag="740" ind1="3" ind2=" "><subfield code="a">Al-ŷuzʼ al-ṯāliṯ min Šarḥ Mujtaṣar Abī l-Mawadda Jalīl b. Isḥāq</subfield></datafield><datafield tag="830" ind1=" " ind2="0"><subfield code="a">Manuscripta</subfield></datafield><datafield tag="856" ind1="4" ind2="1"><subfield code="u">http://aleph.csic.es/imagenes/mad01/0006_PMSC/P_001349961_783447_V00.pdf</subfield><subfield code="z">Descargar Pdf completo (75M)</subfield><subfield code="m">CSIC</subfield></datafield><datafield tag="856" ind1="4" ind2="1"><subfield code="u">http://simurg.bibliotecas.csic.es/viewer/image/CSIC001349961/1/</subfield><subfield code="z">Ver texto completo en SIMURG, el portal de fondos digitalizados del CSIC</subfield><subfield code="m">CSIC</subfield></datafield><datafield tag="856" ind1="4" ind2="1"><subfield code="u">http://aleph.csic.es/imagenes/mad01/0006_PMSC/html/001349961.html</subfield><subfield code="z">Ver texto completo en Bookreader</subfield></datafield></record></metadata></record>